@article{campion2011doing,
  title={Doing competencies well: Best practices in competency modeling},
  author={Campion, Michael A and Fink, Alexis A and Ruggeberg, Brian J and Carr, Linda and Phillips, Geneva M and Odman, Ronald B},
  journal={Personnel psychology},
  volume={64},
  number={1},
  pages={225--262},
  year={2011},
  publisher={Wiley Online Library}
}

@article{sanchez2009developing,
  title={Developing a competency model and workforce readiness assessment: The American Journal of Psychology's contribution to the Army Future Force},
  author={Sanchez, Juan I and Levine, Edward L},
  journal={The American Journal of Psychology},
  pages={453--471},
  year={2009},
  publisher={JSTOR}
}

@article{devlin2018bert,
  title={Bert: Pre-training of deep bidirectional transformers for language understanding},
  author={Devlin, Jacob and Chang, Ming-Wei and Lee, Kenton and Toutanova, Kristina},
  journal={arXiv preprint arXiv:1810.04805},
  year={2018}
}

@article{mcinnes2018umap,
  title={UMAP: Uniform manifold approximation and projection for dimension reduction},
  author={McInnes, Leland and Healy, John and Melville, James},
  journal={arXiv preprint arXiv:1802.03426},
  year={2018}
}

@article{reimers2019sentence,
  title={Sentence-BERT: Sentence embeddings using Siamese BERT-networks},
  author={Reimers, Nils and Gurevych, Iryna},
  journal={arXiv preprint arXiv:1908.10084},
  year={2019}
}